<collection xmlns="http://www.loc.gov/MARC21/slim">
   <record>
      <leader>05343nam a2200529 i 4500</leader>
      <controlfield tag="001">6707681</controlfield>
      <controlfield tag="003">OCoLC</controlfield>
      <controlfield tag="005">20140915074917.1</controlfield>
      <controlfield tag="006">m     o  d        </controlfield>
      <controlfield tag="007">cr cnu---unuuu</controlfield>
      <controlfield tag="008">140912s2015    enk     ob    001 0 eng d</controlfield>
      <datafield ind1=" " ind2=" " tag="020">
         <subfield code="a">9781134082957 (electronic bk.)</subfield>
      </datafield>
      <datafield ind1=" " ind2=" " tag="020">
         <subfield code="a">1134082959 (electronic bk.)</subfield>
      </datafield>
      <datafield ind1=" " ind2=" " tag="020">
         <subfield code="z">9780415828598</subfield>
      </datafield>
      <datafield ind1=" " ind2=" " tag="020">
         <subfield code="z">0415828597</subfield>
      </datafield>
      <datafield ind1=" " ind2=" " tag="020">
         <subfield code="z">9780203519943 (e-book)</subfield>
      </datafield>
      <datafield ind1=" " ind2=" " tag="037">
         <subfield code="a">835145</subfield>
         <subfield code="b">EBSCO</subfield>
      </datafield>
      <datafield ind1=" " ind2=" " tag="039">
         <subfield code="a">exclude</subfield>
      </datafield>
      <datafield ind1=" " ind2=" " tag="040">
         <subfield code="a">CaONFJC</subfield>
         <subfield code="c">CaONFJC</subfield>
         <subfield code="e">rda</subfield>
         <subfield code="d">AEU</subfield>
      </datafield>
      <datafield ind1=" " ind2="4" tag="050">
         <subfield code="a">TT515</subfield>
      </datafield>
      <datafield ind1="0" ind2="4" tag="082">
         <subfield code="a">338.4/7687</subfield>
         <subfield code="2">23</subfield>
      </datafield>
      <datafield ind1=" " ind2=" " tag="090">
         <subfield code="a">Internet Access</subfield>
         <subfield code="b">AEU</subfield>
      </datafield>
      <datafield ind1="0" ind2="0" tag="245">
         <subfield code="a">Routledge handbook of sustainability and fashion /</subfield>
         <subfield code="c">edited by Kate Fletcher and Mathilda Tham.</subfield>
      </datafield>
      <datafield ind1="3" ind2="0" tag="246">
         <subfield code="a">Handbook of sustainability and fashion.</subfield>
      </datafield>
      <datafield ind1=" " ind2="1" tag="264">
         <subfield code="a">Abingdon, Oxon ;</subfield>
         <subfield code="a">New York, NY :</subfield>
         <subfield code="b">Routledge,</subfield>
         <subfield code="c">2015.</subfield>
      </datafield>
      <datafield ind1=" " ind2=" " tag="300">
         <subfield code="a">1 online resource.</subfield>
      </datafield>
      <datafield ind1=" " ind2=" " tag="336">
         <subfield code="a">text</subfield>
         <subfield code="b">txt</subfield>
         <subfield code="2">rdacontent</subfield>
         <subfield code="0">http://id.loc.gov/vocabulary/contentTypes/txt</subfield>
      </datafield>
      <datafield ind1=" " ind2=" " tag="337">
         <subfield code="a">computer</subfield>
         <subfield code="b">c</subfield>
         <subfield code="2">rdamedia</subfield>
         <subfield code="0">http://id.loc.gov/vocabulary/mediaTypes/c</subfield>
      </datafield>
      <datafield ind1=" " ind2=" " tag="338">
         <subfield code="a">online resource</subfield>
         <subfield code="b">cr</subfield>
         <subfield code="2">rdacarrier</subfield>
         <subfield code="0">http://id.loc.gov/vocabulary/carriers/cr</subfield>
      </datafield>
      <datafield ind1="1" ind2=" " tag="490">
         <subfield code="a">Routledge international handbooks</subfield>
      </datafield>
      <datafield ind1=" " ind2=" " tag="504">
         <subfield code="a">Includes bibliographical references and index.</subfield>
      </datafield>
      <datafield ind1="0" ind2=" " tag="505">
         <subfield code="a">Other fashion systems / Kate Fletcher -- Sustainability and fashion / Joanne Entwistle -- Nature's systems / Louise St Pierre -- A whole new cloth : politics and the fashion system / John Thackara -- The real challenge of sustainability / John Ehrenfeld -- Economic growth and the shape of sustainable fashion : contextualizing fashion sustainability in terms of consumer-led economic growth / Ann Thorpe -- Prospect, seed and activate : advancing design for sustainability in fashion / Jonathan Chapman, peed Carolyn Strauss -- African second-hand clothes : Mima-te and the development of sustainable fashion / Amanda Ericsson and Andrew Brooks -- Fashion and sustainability in the context of gender / Mirjam Southwell -- Spirituality and ethics : theopraxy in the future of sustainability within the supply chain / Sue Thomas -- Consumption studies : the force of the ordinary / Ingun Klepp and Kirsi Laitala -- Accidentally sustainable? : ethnographic approaches to clothing practices / Sophie Woodward -- The world in a wardrobe : expressing notions of care in the economy and everyday life / Joe Smith -- Establishing the history of sustainability in fashion / Sasha Wallinger -- Branding sustainability, business models in search of clarity / Simonetta Carbonaro and David Goldsmith -- Towards fashion media for sustainability / Else Skjold -- The role of science and technology for sustainable fashion / Greg Peters, Hjalmar Granber, Susanne Sweet -- The new synthetics : could synthetic biology lead to sustainable textile manufacturing? / Carole Collet -- The fashion system through a lens of zero-waste fashion design / Timo Rissanen -- Fashion brands and workers' rights / Liz Parker -- Fashion as material / Lynda Grose -- Fashion design / Dilys Williams -- Fashion and community / Lizzie Harrison -- Openness / Amy Twigger Holroyd -- Mending / Jonnet Middleton -- "A suit, of his own earning" : fashion supremacy and sustainable fashion activism / Otto von Busch -- The futures of futures studies in fashion / Mathilda Tham.</subfield>
      </datafield>
      <datafield ind1=" " ind2=" " tag="506">
         <subfield code="a">Access restricted to authorized users and institutions.</subfield>
      </datafield>
      <datafield ind1=" " ind2=" " tag="520">
         <subfield code="a">"The clothing industry employs 25 million people globally contributing to many livelihoods and the prosperity of communities, to women's independence, and the establishment of significant infrastructures in poorer countries. Yet the fashion industry is also a significant contributor to the degradation of natural systems, with the associated environmental footprint of clothing high in comparison with other products. This comprehensive handbook recognizes the complexity of aligning fashion with sustainability. It explores fashion and sustainability at the levels of products, processes, and paradigms and takes a truly multi-disciplinary approach to critically question and suggest creative responses to issues of fashion in a post-growth society, fashion, diversity and equity and fashion, fluidity and balance across natural, social and economic systems"--</subfield>
         <subfield code="c">Provided by publisher.</subfield>
      </datafield>
      <datafield ind1=" " ind2=" " tag="588">
         <subfield code="a">Description based on print version record.</subfield>
      </datafield>
      <datafield ind1=" " ind2=" " tag="596">
         <subfield code="a">44</subfield>
      </datafield>
      <datafield ind1=" " ind2="0" tag="650">
         <subfield code="a">Fashion</subfield>
         <subfield code="x">Environmental aspects.</subfield>
      </datafield>
      <datafield ind1=" " ind2="0" tag="650">
         <subfield code="a">Clothing trade</subfield>
         <subfield code="x">Environmental aspects.</subfield>
      </datafield>
      <datafield ind1=" " ind2="0" tag="650">
         <subfield code="a">Sustainability.</subfield>
         <subfield code="0">http://id.loc.gov/authorities/subjects/sh2009000375</subfield>
      </datafield>
      <datafield ind1="1" ind2=" " tag="700">
         <subfield code="a">Fletcher, Kate,</subfield>
         <subfield code="d">1971-</subfield>
         <subfield code="e">editor of compilation.</subfield>
         <subfield code="0">http://id.loc.gov/authorities/names/n2007072051</subfield>
         <subfield code="0">http://viaf.org/viaf/219471666</subfield>
      </datafield>
      <datafield ind1="1" ind2=" " tag="700">
         <subfield code="a">Tham, Mathilda,</subfield>
         <subfield code="e">editor of compilation.</subfield>
         <subfield code="0">http://id.loc.gov/authorities/names/n2014040005</subfield>
         <subfield code="0">http://viaf.org/viaf/20867669</subfield>
      </datafield>
      <datafield ind1=" " ind2=" " tag="758">
         <subfield code="0">http://worldcat.org/entity/work/id/102002</subfield>
      </datafield>
      <datafield ind1="0" ind2=" " tag="787">
         <subfield code="n">OCLC Work Id</subfield>
         <subfield code="o">http://worldcat.org/entity/work/id/102002</subfield>
      </datafield>
      <datafield ind1=" " ind2="0" tag="830">
         <subfield code="a">Routledge international handbooks.</subfield>
         <subfield code="0">http://id.loc.gov/authorities/names/no2006099660</subfield>
      </datafield>
      <datafield ind1="4" ind2="0" tag="856">
         <subfield code="3">University of Alberta Access</subfield>
         <subfield code="u">http://search.ebscohost.com/login.aspx?direct=true&amp;scope=site&amp;db=nlebk&amp;db=nlabk&amp;AN=835145</subfield>
         <subfield code="z">(Single User Access)</subfield>
      </datafield>
      <datafield ind1=" " ind2=" " tag="949">
         <subfield code="w">ORDER</subfield>
         <subfield code="h">UAIN</subfield>
         <subfield code="z">PDACOUTTS</subfield>
      </datafield>
      <datafield ind1=" " ind2=" " tag="926">
         <subfield code="a">Internet Access</subfield>
         <subfield code="w">LC</subfield>
         <subfield code="c">1</subfield>
         <subfield code="i">6707681-1001</subfield>
         <subfield code="l">INTERNET</subfield>
         <subfield code="m">UAINTERNET</subfield>
         <subfield code="r">Y</subfield>
         <subfield code="s">Y</subfield>
         <subfield code="t">E-RESOURCE</subfield>
         <subfield code="u">10/16/2014</subfield>
         <subfield code="x">E-BOOK</subfield>
         <subfield code="z">PDAOWNED</subfield>
      </datafield>
   </record>
</collection>
